<record><leader>00000cas a22000007a 4500</leader><controlfield tag="001">41334343</controlfield><controlfield tag="008">990510d183918uumeuwr ne      0    0eng d</controlfield><datafield ind1=" " ind2=" " tag="010"><subfield code="a">sn 99066543 </subfield></datafield><datafield ind1=" " ind2=" " tag="040"><subfield code="a">MBN</subfield><subfield code="b">eng</subfield><subfield code="c">MBN</subfield><subfield code="d">OCLCO</subfield></datafield><datafield ind1=" " ind2=" " tag="042"><subfield code="a">msc</subfield></datafield><datafield ind1="0" ind2=" " tag="130"><subfield code="a">Democratic Republican (Dover, Me.)</subfield></datafield><datafield ind1="0" ind2="0" tag="245"><subfield code="a">Democratic Republican.</subfield></datafield><datafield ind1=" " ind2=" " tag="260"><subfield code="a">Dover, Me. :</subfield><subfield code="b">Geo. W. McFarland,</subfield></datafield><datafield ind1=" " ind2=" " tag="300"><subfield code="a">v.</subfield></datafield><datafield ind1=" " ind2=" " tag="310"><subfield code="a">Weekly</subfield></datafield><datafield ind1="0" ind2=" " tag="362"><subfield code="a">Vol. 1, no. 1 (June 26, 1839)-</subfield></datafield><datafield ind1=" " ind2="0" tag="651"><subfield code="a">Dover (Me.)</subfield><subfield code="v">Newspapers.</subfield></datafield><datafield ind1=" " ind2="0" tag="651"><subfield code="a">Dover-Foxcroft (Me.)</subfield><subfield code="v">Newspapers.</subfield></datafield><datafield ind1=" " ind2=" " tag="752"><subfield code="a">United States</subfield><subfield code="b">Maine</subfield><subfield code="c">Piscataquis</subfield><subfield code="d">Dover-Foxcroft.</subfield></datafield></record>